1111111111111111111111111111111111111111111111111111111111
2222222222222222222222222222222222222222222222222222222222
3333333333333333333333333333333333333333333333333333333333
0000000000000000000000000000000000000000000000000000000000
1111111111111111111111111111111111111111111111111111111111
2222222222222222222222222222222222222222222222222222222222
0000000000000000000000000000000000000000000000000000000000
9999999999999999999999999999999999999999999999999999999999
8888888888888888888888888888888888888888888888888888888888
7777777777777777777777777777777777777777777777777777777777
5555555555555555555555555555555555555555555555555555555555
4444444444444444444444444444444444444444444444444444444444
6666666666666666666666666666666666666666666666666666666666
1111111111111111111111111111111111111111111111111111111111
0000000000000000000000000000000000000000000000000000000000
2222222222222222222222222222222222222222222222222222222222
1111111111111111111111111111111111111111111111111111111111
3333333333333333333333333333333333333333333333333333333333
0000000000000000000000000000000000000000000000000000000000
9999999999999999999999999999999999999999999999999999999999